@electronic{ref:lambda,
  title         = "AWS Lambda",
  url           = "https://aws.amazon.com/lambda/",
  key           = "lambda",
  month         = "Mar.",
  year          = "2020"
}

@electronic{ref:golang,
  title         = "Golang",
  url           = "https://golang.org/",
  key           = "golang",
  month         = "Mar.",
  year          = "2020"
}

@electronic{ref:nvidia,
  title         = "Nvidia Container Toolkit",
  url           = "https://github.com/NVIDIA/nvidia-docker",
  key           = "nvidia",
  month         = "Mar.",
  year          = "2020"
}


@electronic{ref:rook,
  title         = "Rook Ceph Block",
  url           = "https://rook.io/docs/rook/v1.0/ceph-block.html",
  key           = "rook-ceph-block",
  month         = "Mar.",
  year          = "2020"
}

@electronic{ref:keras ,
  title         = "Keras image data generator",
  url           = "https://keras.io/preprocessing/image/#imagedatagenerator-class",
  key           = "keras",
  month         = "Mar.",
  year          = "2020"
}

@electronic{ref:sedgwick,
  title         = "Sedgwick Natural Reserve",
  url           = "https://sedgwick.nrs.ucsb.edu/",
  key           = "sedgwick",
  month         = "Mar.",
  year          = "2020"
}

@electronic{ref:coldstart,
  title         = "Cold Start",
  url           = "https://en.wikipedia.org/wiki/Cold_start_(computing)",
  key           = "coldstart",
  month         = "Mar.",
  year          = "2020"
}

@electronic{ref:client-go,
  title         = "client-go",
  url           = "https://github.com/kubernetes/client-go",
  key           = "client-go",
  month         = "Mar.",
  year          = "2020"
}

@electronic{ref:v3,
  title         = "inceptionV3",
  url           = "https://www.tensorflow.org/api_docs/python/tf/keras/applications/InceptionV3",
  key           = "inceptionv3",
  month         = "Mar.",
  year          = "2020"
}

@electronic{ref:dockerhub,
  title         = "Docker Hub",
  url           = "https://hub.docker.com/",
  key           = "dockerhub",
  month         = "Mar.",
  year          = "2020"
}

@electronic{ref:mnist,
  title         = "mnist",
  url           = "http://yann.lecun.com/exdb/mnist/",
  key           = "mnist",
  month         = "Mar.",
  year          = "2020"
}

@electronic{ref:iris,
  title         = "iris",
  url           = "https://scikit-learn.org/stable/auto_examples/datasets/plot_iris_dataset.html",
  key           = "iris",
  month         = "Mar.",
  year          = "2020"
}

@electronic{ref:brr,
  title         = "Bayesian Ridge Regression",
  url           = "https://scikit-learn.org/stable/auto_examples/linear_model/plot_bayesian_ridge.html",
  key           = "brr",
  month         = "Mar.",
  year          = "2020"
}

@electronic{ref:ols,
  title         = "Ordinary Least Squares",
  url           = "https://scikit-learn.org/stable/modules/linear_model.html#ordinary-least-squares",
  key           = "ols",
  month         = "Mar.",
  year          = "2020"
}

@electronic{ref:fma,
  title         = "Fma",
  url           = "https://software.intel.com/en-us/cpp-compiler-developer-guide-and-reference-fma-qfma",
  key           = "fma",
  month         = "Mar.",
  year          = "2020"
}

@electronic{ref:avx,
  title         = "AVX2",
  url           = "https://docs.oracle.com/cd/E36784_01/html/E36859/gntae.html",
  key           = "avx",
  month         = "Mar.",
  year          = "2020"
}


@electronic{ref:docker,
  title         = "Docker",
  url           = "https://www.docker.com/",
  key           = "deocker",
  month         = "Mar.",
  year          = "2020"
}

@electronic{ref:kubeless,
  title         = "kubeless",
  url           = "https://github.com/kubeless/kubeless",
  key           = "kubeless",
  month         = "Mar.",
  year          = "2020"
}

@electronic{ref:minikube,
  title         = "minikube",
  url           = "https://minikube.sigs.k8s.io/",
  key           = "minikube",
  month         = "Mar.",
  year          = "2020"
}

@electronic{ref:ransac,
  title         = "ransac",
  url           = "https://en.wikipedia.org/wiki/Random_sample_consensus",
  key           = "ransac",
  month         = "Mar.",
  year          = "2020"
}

@electronic{ref:crd,
  title         = "CRD",
  url           = "https://kubernetes.io/docs/tasks/access-kubernetes-api/custom-resources/custom-resource-definitions/
},
  key           = "crd",
  month         = "Mar.",
  year          = "2020"
}


@electronic{ref:nucs,
  title         = "Intel NUCs",
  url           = "https://www.intel.com/content/www/us/en/products/boards-kits/nuc.html",
  key           = "nucs",
  month         = "Mar.",
  year          = "2020"
}

@electronic{ref:euca,
  title         = "Eucalyptus",
  url           = "https://www.eucalyptus.cloud/",
  key           = "euca",
  month         = "Mar.",
  year          = "2020"
}

@electronic{ref:nautilus,
  title         = "Nautilus",
  url           = "http://ucsd-prp.gitlab.io/nautilus/",
  key           = "nautilus",
  month         = "Mar.",
  year          = "2020"
}



@electronic{ref:nodeAffinity,
  title         = "nodeAffinity",
  url           = "https://kubernetes.io/docs/concepts/configuration/assign-pod-node/#affinity-and-anti-affinity",
  key           = "nodeAffinity",
  month         = "Mar.",
  year          = "2020"
}







@inproceedings{ref:stoic,
  title="STOIC: Serverless Teleoperable Hybrid Cloud for Machine Learning Applications on Edge Device",
  author="Zhang, Michael and Krintz, Chandra and Wolski, Rich",
  booktitle="IEEE Workshop on Smart Edge Computing",
  year="2020",
}


@article{ref:tensorflow-serving,
  author    = "Christopher Olston and
               Noah Fiedel and
               Kiril Gorovoy and
               Jeremiah Harmsen and
               Li Lao and
               Fangwei Li and
               Vinu Rajashekhar and
               Sukriti Ramesh and
               Jordan Soyke",
  title     = "TensorFlow-Serving: Flexible, High-Performance "ML" Serving",
  journal   = "CoRR",
  volume    = "abs/1712.06139",
  year      = "2017",
  url       = "http://arxiv.org/abs/1712.06139",
  archivePrefix = "arXiv",
  eprint    = "1712.06139",
  timestamp = "Mon, 13 Aug 2018 16:48:13 +0200",
  biburl    = "https://dblp.org/rec/bib/journals/corr/abs-1712-06139",
  bibsource = "dblp computer science bibliography, https://dblp.org"
}

@article{ref:velox,
  title="The missing piece in complex analytics: Low latency, scalable model management and serving with velox",
  author="Crankshaw, Daniel and Bailis, Peter and Gonzalez, Joseph E and Li, Haoyuan and Zhang, Zhao and Franklin, Michael J and Ghodsi, Ali and Jordan, Michael I",
  journal="arXiv preprint arXiv:1409.3809",
  year="2014"
}

@article{ref:spark,
  title="Spark: Cluster computing with working sets.",
  author="Zaharia, Matei and Chowdhury, Mosharaf and Franklin, Michael J and Shenker, Scott and Stoica, Ion",
  journal="HotCloud",
  volume="10",
  number="10-10",
  pages="95",
  year="2010"
}

@article{ref:k8s,
  title="Borg, omega, and kubernetes",
  author="Burns, Brendan and Grant, Brian and Oppenheimer, David and Brewer, Eric and Wilkes, John",
  journal="System Evolution",
  year="2016"
}

@article{ref:online,
  title="Online learning and online convex optimization",
  author="Shalev-Shwartz, Shai and others",
  journal="Foundations and Trends"\textregistered" in Machine Learning",
  volume="4",
  number="2",
  pages="107--194",
  year="2012",
  publisher="Now Publishers, Inc."
}

@article{ref:cnn,
  title="Convolutional networks for images, speech, and time series",
  author="LeCun, Yann and Bengio, Yoshua and others",
  journal="The handbook of brain theory and neural networks",
  volume="3361",
  number="10",
  pages="1995",
  year="1995"
}

@article{ref:scikit,
  title="Scikit-learn: Machine learning in Python",
  author="Pedregosa, Fabian and Varoquaux, Ga"\"e"l and Gramfort, Alexandre and Michel, Vincent and Thirion, Bertrand and Grisel, Olivier and Blondel, Mathieu and Prettenhofer, Peter and Weiss, Ron and Dubourg, Vincent and others",
  journal="Journal of machine learning research",
  volume="12",
  number="Oct",
  pages="2825--2830",
  year="2011"
}

@inproceedings{ ref:multi_gpu,
  title="Scaling a convolutional neural network for classification of adjective noun pairs with tensorflow on gpu clusters",
  author="Campos, V"\'\i"ctor and Sastre, Francesc and Yag"\"u"es, Maurici and Torres, Jordi and Gir"\'o"-i-Nieto, Xavier",
  booktitle="2017 17th IEEE/ACM International Symposium on Cluster, Cloud and Grid Computing (CCGRID)",
  pages="677--682",
  year="2017",
  organization="IEEE"
}


@inproceedings{ ref:serverless,
  title="Serverless computing: Design, implementation, and performance",
  author="McGrath, Garrett and Brenner, Paul R",
  booktitle="2017 IEEE 37th International Conference on Distributed Computing Systems Workshops (ICDCSW)",
  pages="405--410",
  year="2017",
  organization="IEEE"
}

@inproceedings{ ref:ceph,
  title="Ceph: A scalable, high-performance distributed file system",
  author="Weil, Sage A and Brandt, Scott A and Miller, Ethan L and Long, Darrell DE and Maltzahn, Carlos",
  booktitle="Proceedings of the 7th symposium on Operating systems design and implementation",
  pages="307--320",
  year="2006",
  organization="USENIX Association"
}

@inproceedings{ ref:hdf5,
  title="HDF5: A file format and I/O library for high performance computing applications",
  author="Folk, Mike and Cheng, Albert and Yates, Kim",
  booktitle="Proceedings of supercomputing",
  volume="99",
  pages="5--33",
  year="1999"
}

@inproceedings{ ref:tensorflow,
  title="Tensorflow: A system for large-scale machine learning",
  author="Abadi, Mart"\'\i"n and Barham, Paul and Chen, Jianmin and Chen, Zhifeng and Davis, Andy and Dean, Jeffrey and Devin, Matthieu and Ghemawat, Sanjay and Irving, Geoffrey and Isard, Michael and others",
  booktitle="12th $\"$USENIX$\"$ Symposium on Operating Systems Design and Implementation ($\"$OSDI$\"$ 16)",
  pages="265--283",
  year="2016"
}

@inproceedings{ ref:wtb,
  title="Where's the bear?-automating wildlife image processing using iot and edge cloud systems",
  author="Elias, Andy Rosales and Golubovic, Nevena and Krintz, Chandra and Wolski, Rich",
  booktitle="2017 IEEE/ACM Second International Conference on Internet-of-Things Design and Implementation (IoTDI)",
  pages="247--258",
  year="2017",
  organization="IEEE"
}

@inproceedings{ ref:clipper,
  title="Clipper: A low-latency online prediction serving system",
  author="Crankshaw, Daniel and Wang, Xin and Zhou, Guilio and Franklin, Michael J and Gonzalez, Joseph E and Stoica, Ion",
  booktitle="14th $\"$USENIX$\"$ Symposium on Networked Systems Design and Implementation ($\"$NSDI$\"$ 17)",
  pages="613--627",
  year="2017"
}

@inproceedings{ ref:pretzel,
  title="$\"$PRETZEL$\"$: Opening the Black Box of Machine Learning Prediction Serving Systems",
  author="Lee, Yunseong and Scolari, Alberto and Chun, Byung-Gon and Santambrogio, Marco Domenico and Weimer, Markus and Interlandi, Matteo",
  booktitle="13th $\"$USENIX$\"$ Symposium on Operating Systems Design and Implementation ($\"$OSDI$\"$ 18)",
  pages="611--626",
  year="2018"
}

@inproceedings{ ref:seneca,
  title="Seneca: Fast and Low Cost Hyperparameter Search for Machine Learning Models",
  author="Zhang, Michael and Krintz, Chandra and Mock, Markus and Wolski, Rich",
  booktitle="2020 IEEE 12th International Conference on Cloud Computing (CLOUD)",
  pages="404--408",
  year="2020",
  organization="IEEE"
}



@book{ ref:neural_network,
  title="Neural networks: a comprehensive foundation",
  author="Haykin, Simon",
  year="1994",
  publisher="Prentice Hall PTR"
}

@incollection{ ref:baldini2017,
  title="Serverless computing: Current trends and open problems",
  author="Baldini, Ioana and Castro, Paul and Chang, Kerry and Cheng, Perry and Fink, Stephen and Ishakian, Vatche and Mitchell, Nick and Muthusamy, Vinod and Rabbah, Rodric and Slominski, Aleksander and others",
  booktitle="Research Advances in Cloud Computing",
  pages="1--20",
  year="2017",
  publisher="Springer"
}

@misc{ blind,
    key = "blinded for submission/review",
    title = "blinded for submission/review",
    month="Feb",
    year = "2020"
}

@misc{ ref:serverlessstep,
    title="Serverless Computing: One Step Forward, Two Steps Back",
    author="Joseph M. Hellerstein and Jose Faleiro and Joseph E. Gonzalez and Johann Schleier-Smith and Vikram Sreekanti and Alexey Tumanov and Chenggang Wu",
    year="2018",
    eprint="1812.03651",
    archivePrefix="arXiv",
    primaryClass="cs.DC"
}

@misc{ ref:berkeleyserverless,
    title="Cloud Programming Simplified: A Berkeley View on Serverless Computing",
    author="Eric Jonas and Johann Schleier-Smith and Vikram Sreekanti and Chia-Che Tsai and Anurag Khandelwal and Qifan Pu and Vaishaal Shankar and Joao Carreira and Karl Krauth and Neeraja Yadwadkar and Joseph E. Gonzalez and Raluca Ada Popa and Ion Stoica and David A. Patterson",
    year="2019",
    eprint="1902.03383",
    archivePrefix="arXiv",
    primaryClass="cs.OS"
}

@inproceedings{ ref:deepserving,
  title="Serving deep learning models in a serverless platform",
  author="Ishakian, Vatche and Muthusamy, Vinod and Slominski, Aleksander",
  booktitle="2018 IEEE International Conference on Cloud Engineering (IC2E)",
  pages="257--262",
  year="2018",
  organization="IEEE"
}

@article{ ref:accelerated,
  title="Accelerated serverless computing based on GPU virtualization",
  author="Naranjo, Diana M and Risco, Sebasti"\'a"n and de Alfonso, Carlos and P"\'e"rez, Alfonso and Blanquer, Ignacio and Molt"\'o", Germ"\'a"n",
  journal="Journal of Parallel and Distributed Computing",
  volume="139",
  pages="32--42",
  year="2020",
  publisher="Elsevier"
}

@article{ ref:status,
  title="Status of serverless computing and function-as-a-service (faas) in industry and research",
  author="Fox, Geoffrey C and Ishakian, Vatche and Muthusamy, Vinod and Slominski, Aleksander",
  journal="arXiv preprint arXiv:1708.08028",
  year="2017"
}

@article{ ref:evaluation,
  title="Evaluation of Serverless Computing Frameworks Based on Kubernetes",
  author="Mohanty, Sunil and others",
  year="2018"
}

@inproceedings{ ref:face,
  title="Face recognition in the Edge Cloud",
  author="Muslim, Nasif and Islam, Salekul",
  booktitle="Proceedings of the International Conference on Imaging, Signal Processing and Communication",
  pages="5--9",
  year="2017"
}

@inproceedings{ ref:DDNN,
  title="Distributed deep neural networks over the cloud, the edge and end devices",
  author="Teerapittayanon, Surat and McDanel, Bradley and Kung, Hsiang-Tsung",
  booktitle="2017 IEEE 37th International Conference on Distributed Computing Systems (ICDCS)",
  pages="328--339",
  year="2017",
  organization="IEEE"
}

@article{ ref:cooperative,
  title="Cooperative Job Dispatching in Edge Computing Network with Unpredictable Uploading Delay",
  author="Lv, Bojie and Hong, Yuncong and Tan, Haisheng and Han, Zhenhua and Wang, Rui",
  journal="arXiv preprint arXiv:1912.10732",
  year="2019"
}

@inproceedings{ ref:repairdata,
  title="Data repair for Distributed, Event-based IoT Applications",
  author="Lin, Wei-Tsung and Bakir, Fatih and Krintz, Chandra and Wolski, Rich and Mock, Markus",
  booktitle="Proceedings of the 13th ACM International Conference on Distributed and Event-based Systems",
  pages="139--150",
  year="2019"
}

@inproceedings{ ref:profile,
  title="Architectural implications of function-as-a-service computing",
  author="Shahrad, Mohammad and Balkind, Jonathan and Wentzlaff, David",
  booktitle="Proceedings of the 52nd Annual IEEE/ACM International Symposium on Microarchitecture",
  pages="1063--1075",
  year="2019"
}

@article{ ref:security,
  title="Security in mobile edge caching with reinforcement learning",
  author="Xiao, Liang and Wan, Xiaoyue and Dai, Canhuang and Du, Xiaojiang and Chen, Xiang and Guizani, Mohsen",
  journal="IEEE Wireless Communications",
  volume="25",
  number="3",
  pages="116--122",
  year="2018",
  publisher="IEEE"
}
@inproceedings{deptracing19,
  title="Tracing Function Dependencies Across Clouds"
  author="W-T. Lin and C. Krintz and R. Wolski",
  booktitle="IEEE IC2E"
  year="2019",
}
@inproceedings{gammaray17,
        title = "Tracking Causal Order in AWS Lambda Applications"
        author = "W. Lin and C. Krintz and R. Wolski and M. Zhang and X. Cai and T. Li and W. Xu and R. Zhou",
        booktitle="IEEE International Conference on Cloud Engineering"
        month = Jun,
        year = 2017,
}
@misc{aws-xray,
   key = "AWS X-ray",
   title = "AWS X-ray",
   url = "https://aws.amazon.com/xray/",
   note="[Online; accessed 12-Sep-2017]"
}
@misc{ ref:aws-lambda,
  title = "AWS Lambda",
  key="AWS Lambda",
  url = "https://aws.amazon.com/lambda/",
  note = "[Online; accessed 12-Sep-2017]"
}
@misc{ ref:faas3,
  title = "Serverless",
  key = "Serverless Framework",
  url = "https://www.serverless.com/",
  note = "[Online; accessed 12-Sep-2017]"
}
@misc{ ref:gfunctions-16,
  title = "Google Cloud Functions",
  key="Google Cloud Functions",
  url = "https://cloud.google.com/functions/docs/",
  note = "[Online; accessed 12-Sep-2017]"
}

@misc{ ref:afunctions-16,
  title = "Azure Functions",
  key="Azure Functions",
  url = "https://azure.microsoft.com/en-us/services/functions/",
  note = "[Online; accessed 12-Sep-2017]"
}

@misc{ ref:openwhisk-16,
  title = "IBM OpenWhisk",
  key="IBM OpenWhisk",
  url = "https://developer.ibm.com/openwhisk/",
  note = "[Online; accessed 12-Sep-2017]"
}

@misc{ ref:ironio-16,
  title = "Iron.io",
  key="Iron.io",
  url = "https://www.iron.io",
  note = "[Online; accessed 12-Sep-2017]"
}
@misc{ ref:lambda-webservices,
   key = "AWS Lambda for Web Services",
   title = "AWS Lambda for Web Services",
   url = https://aws.amazon.com/getting-started/projects/build-serverless-web-app-lambda-apigateway-s3-dynamodb-cognito/" [Online; accessed on 12-Aug-2019]"
   year="2019"
}
@misc{ ref:lambda-microservices,
   key = "AWS Lambda for Microservices",
   title = "AWS Lambda for Microservices",
   url = "https://aws.amazon.com/microservices/",
   note = "[Online; accessed on 12-Aug-2019]",
   year="2019"
}

@article{ ref:dependability,
  title="Dependability in Edge Computing",
  author="Wood, Paul and Zhang, Heng and Siddiqui, Muhammad-Bilal and Bagchi, Saurabh",
  journal="arXiv preprint arXiv:1710.11222",
  year="2017"
}

@book{ ref:onlinelearning,
  title="On-line learning in neural networks",
  author="D. Saad",
  year="1998",
  publisher="Cambridge University Press.",
  ISBN="978-0-521-65263-6"
}